@book{openstax,
    title = "Superposition and Interference",
    author = "Urone, P. P., & Hinrichs, R.",
    publisher = "Openstax",
    series = "College Physics",
    year = "1905",
    url = "https://openstax.org/books/college-physics/pages/16-10-superposition-and-interference",
    keywords = "physics"
}

@article{libretext,
  author          = "Forinash, K., \& Christian, W.",
  url             = "https://phys.libretexts.org/@go/page/26310",
  title           = "Speakers",
}