@misc{openstax,
  title     = {Superposition and Interference},
  author    = {Paul Peter Urone, Roger Hinrichs},
  publisher = {Openstax},
  series    = {College Physics},
  year      = {2012},
  note      = {Openstax. \url{https://openstax.org/books/college-physics/pages/16-10-superposition-and-interference}},
  keywords  = {physics}
}

@misc{speakers,
  note      = {[Online; accessed 2021-10-28]},
  author    = {Forinash, Kyle and Christian, Wolfgang},
  year      = {2020},
  month     = {aug 13},
  publisher = {},
  title     = {Speakers}
}

@misc{cdc,
  title     = {Noise \& Hearing Loss Prevention},
  author    = {},
  publisher = {Centers for Disease Control and Prevention},
  year      = {2018},
  note      = {CDC. https://www.cdc.gov/niosh/topics/noise/default.html},
  keywords  = {hearing}
}

@book{giancoli1995physics,
  title={Physics: Principles with Applications},
  author={Giancoli, D.C.},
  isbn={9780131834682},
  lccn={94046470},
  series={Prentice-Hall International editions},
  url={https://books.google.com/books?id=nCWXQAAACAAJ},
  year={1995},
  publisher={Prentice Hall}
}
